@article {Anderson1983ASpreadingActivation,
    author = {Anderson, John R.},
    journal = {Journal of Verbal Learning and Verbal Behavior},
    number = {3},
    pages = {261--295},
    title = {A Spreading Activation Theory of Memory},
    volume = {22},
    year = {1983},
}

@article {Anderson1991ReflectionsOfThe,
    author = {Anderson, John R. and Schooler, Lael J.},
    doi = {https://doi.org/10.1111/j.1467-9280.1991.tb00174.x},
    journal = {Psychological Science},
    number = {6},
    pages = {396--408},
    title = {Reflections of the Environment in Memory},
    volume = {2},
    year = {1991},
}

@book {Anderson2007HowCanThe,
    author = {Anderson, John R.},
    publisher = {Oxford University Press},
    title = {How Can the Human Mind Occur in the Physical Universe?},
    year = {2007},
}

@article {Burgess1996ConfabulationAndThe,
    author = {Burgess, Paul W. and Shallice, Tim},
    journal = {Memory},
    number = {4},
    pages = {359--412},
    title = {Confabulation and the Control of Recollection},
    volume = {4},
    year = {1996},
}

@article {DeSoto2014PositiveAndNegative,
    author = {DeSoto, K. Andrew and Roediger, Henry L.},
    journal = {Psychological Science},
    number = {3},
    pages = {781--788},
    publisher = {[Association for Psychological Science, Sage Publications, Inc.]},
    title = {Positive and Negative Correlations Between Confidence and Accuracy for the Same Events in Recognition of Categorized Lists},
    volume = {25},
    year = {2014},
}

@article {Florer2000FeelingsOfKnowing,
    author = {Florer, Faith L. and Allen, Gordon},
    journal = {The American Journal of Psychology},
    number = {2},
    pages = {179--198},
    publisher = {University of Illinois Press},
    title = {Feelings of Knowing in the Ranschburg Effect},
    volume = {113},
    year = {2000},
}

@article {Hanczakowski2014FeelingOfKnowing,
    author = {Hanczakowski, Maciej and Zawadzka, Katarzyna and Cockcroft-McKay, Caitlin},
    doi = {https://doi.org/10.3758/s13423-014-0619-0},
    journal = {Psychonomic Bulletin and Review},
    number = {6},
    pages = {1617--1622},
    title = {Feeling of Knowing and Restudy Choices},
    volume = {21},
    year = {2014},
}

@article {Hanczakowski2017MetamemoryInA,
    author = {Hanczakowski, Maciej and Zawadzka, Katarzyna and Collie, Harriet and Macken, Bill}, 
    journal = {Journal of Experimental Psychology: Learning, Memory, and Cognition},
    month = {01},
    number = {1},
    pages = {59--71},
    title = {Metamemory in a familiar place: The effects of environmental context on feeling of knowing},
    volume = {43},
    year = {2017},
}

@article {Koriat1993HowDoWe,
    author = {Koriat, Asher},
    doi = {https://doi.org/10.1037/0033-295X.100.4.609},
    journal = {Psychological Review},
    number = {4},
    pages = {609--639},
    title = {How do we know that we know? The accessibility model of the feeling of knowing.},
    volume = {100},
    year = {1993},
}

@article {Koriat2001TheCombinedContributions,
    author = {Koriat, Asher and Levy-Sadot, Ravit},
    journal = {Journal of Experimental Psychology: Learning, Memory, and Cognition},
    number = {1},
    pages = {34--53},
    title = {The Combined Contributions of the Cue-Familiarity and Accessibility Heuristics to Feelings of Knowing},
    volume = {27},
    year = {2001},
}

@book {Laird2012TheSoarCognitive,
    author = {Laird, John E.},
    publisher = {MIT Press},
    title = {The {Soar} Cognitive Architecture},
    year = {2012},
}

@article {Laird2017AStandardModel,
    author = {Laird, John E. and Lebiere, Christian and Rosenbloom, Paul S.},
    journal = {AI Magazine},
    number = {4},
    pages = {13--26},
    title = {A Standard Model of the Mind: Toward a Common Computational Framework across Artificial Intelligence, Cognitive Science, Neuroscience, and Robotics},
    volume = {38},
    year = {2017},
}

@inproceedings {Li2012FunctionalInteractionsBetween,
    author = {Li, Justin and Derbinsky, Nate and Laird, John E.},
    booktitle = {Proceedings of the 26\textsuperscript{th} AAAI Conference on Artificial Intelligence (AAAI)},
    pages = {228--234},
    title = {Functional Interactions Between Memory and Recognition Judgments},
    year = {2012},
}

@inproceedings {Li2016ArchitecturalMechanismsFor,
    author = {Li, Justin and Jones, Steven and Mohan, Shiwali and Derbinsky, Nate},
    booktitle = {Proceedings of the 4\textsuperscript{th} Annual Conference on Advances in Cognitive Systems (ACS)},
    title = {Architectural Mechanisms for Mitigating Uncertainty During Long-Term Declarative Knowledge Access},
    year = {2016},
}

@article {Mangan2000WhatFeelingIs,
    author = {Mangan, Bruce},
    doi = {https://doi.org/10.1006/ccog.2000.0488},
    journal = {Consciousness and Cognition},
    number = {4},
    pages = {538--544},
    title = {What Feeling Is the "Feeling of Knowing?"},
    volume = {9},
    year = {2000},
}

@book {Marchionini1995InformationSeekingIn,
    author = {Marchionini, Gary},
    publisher = {Cambridge University Press},
    title = {Information Seeking in Electronic Environments},
    year = {1995},
}

@article {Metcalfe1993TheCueFamiliarity,
    author = {Metcalfe, Janet and Schwartz, Bennett L. and Joaquim, Scott G.},
    year = {1993},
    title = {The cue-familiarity heuristic in metacognition},
    journal = {Journal of Experimental Psychology: Learning, Memory, and Cognition},
    volume = {19},
    number = {4},
    pages = {851--861},
}

@article {Nelson1984AccuracyOfFeeling,
    author = {Nelson, Thomas O. and Gerler, Daniel and Narens, Louis},
    journal = {Journal of Experimental Psychology: General},
    number = {2},
    pages = {282--300},
    title = {Accuracy of Feeling-of-Knowing Judgments for Predicting Perceptual Identification and Relearning},
    volume = {113},
    year = {1984},
}

@article {Nelson1990MetamemoryATheoretical,
    author = {Nelson, Thomas O. and Narens, Louis},
    journal = {Psychology of Learning and Motivation},
    pages = {125--173},
    publisher = {Academic Press},
    title = {Metamemory: A Theoretical Framework and New Findings},
    volume = {26},
    year = {1990},
}

@incollection {Nelson1994WhyInvestigateMetacognition,
    author = {Nelson, Thomas O. and Narens, Louis},
    booktitle = {Metacognition},
    editor = {Metcalfe, Janet and Shimamura, Arthur P.},
    pages = {1--25},
    publisher = {MIT Press},
    title = {Why Investigate Metacognition?},
    year = {1994},
}

@incollection {Nelson2008TowardsARational,
    author = {Nelson, Jonathan D.},
    booktitle = {The Probabilistic Mind: Prospects for Bayesian Cognitive Science},
    editor = {Chater, Nick and Oaksford, Mike},
    pages = {143--164},
    publisher = {Oxford University Press},
    title = {Towards a Rational Theory of Human Information Acquisition},
    year = {2008},
}

@book {Newell1972HumanProblemSolving,
    author = {Newell, Allen and Simon, Herbert A.},
    publisher = {Prentice Hall},
    title = {Human Problem Solving},
    year = {1972},
}

@article {Norman2016TheRelationshipBetween,
    author = {Norman, Elisabeth and Blakstad, Oskar and Johnsen, \Oivind and Martinsen, Stig K. and Price, Mark C.},
    doi = {https://doi.org/10.3389/fpsyg.2016.00996},
    journal = {Frontiers in Psychology},
    pages = {996},
    title = {The Relationship between Feelings-of-Knowing and Partial Knowledge for General Knowledge Questions},
    volume = {7},
    year = {2016},
}

@article {Reder1992WhatDeterminesInitial,
    author = {Reder, Lynne M. and Ritter, Frank E.},
    journal = {Journal of Experimental Psychology: Learning, Memory, and Cognition},
    number = {3},
    pages = {435--451},
    title = {What Determines Initial Feeling of Knowing? {Familiarity} with Question Terms, not with the Answer},
    volume = {18},
    year = {1992},
}

@inproceedings {Salvucci2015EndowingACognitive,
    author = {Salvucci, Dario D.},
    booktitle = {Proceedings of the 37\textsuperscript{th} Annual Conference of the Cognitive Science Society ({CogSci})},
    title = {Endowing a Cognitive Architecture with World Knowledge},
    year = {2015},
}

@article {Schreiber1998TheRelationBetween,
    author = {Schreiber, Thomas A. and Nelson, Douglas L.},
    doi = {https://doi.org/10.3758/BF03201170},
    journal = {Memory \& Cognition},
    number = {5},
    pages = {869--883},
    title = {The relation between feelings of knowing and the number of neighboring concepts linked to the test cue},
    volume = {26},
    year = {1998},
}

@article {Schwartz1994SourcesOfInformation,
    author = {Schwartz, Barry},
    journal = {Psychonomic Bulletin and Review},
    number = {3},
    pages = {357--375},
    title = {Sources of Information in Metamemory: Judgments of Learning and Feelings of Knowing},
    volume = {1},
    year = {1994},
}

@article {Schwartz2011TipOfThe,
    author = {Schwartz, Bennett L. and Metcalfe, Janet},
    doi = {https://doi.org/10.3758/s13421-010-0066-8},
    journal = {Memory and Cognition},
    number = {5},
    pages = {737--749},
    title = {Tip-of-the-tongue ({TOT}) states: retrieval, behavior, and experience},
    volume = {39},
    year = {2011},
}

@article {Schwartz2014ContextualInformationInfluences,
    author = {Schwartz, Bennett L. and Pillot, Mathieu and Bacon, Elisabeth},
    doi = {https://doi.org/10.1016/j.concog.2014.08.018},
    journal = {Consciousness and Cognition},
    pages = {96--104},
    title = {Contextual information influences the feeling of knowing in episodic memory},
    volume = {29},
    year = {2014},
}

@inproceedings {Sharma2016ControllingSearchIn,
    author = {Sharma, Abhishek and Witbrock, Michael J and Goolsbey, Keith M.},
    booktitle = {Proceedings of the 4\textsuperscript{th} Annual Conference on Advances in Cognitive Systems (ACS)},
    title = {Controlling Search in Very Large Commonsense Knowledge Bases: A Machine Learning Approach},
    year = {2016},
}

@article {Singer2008FeelingOfKnowing,
    author = {Singer, Murray and Tiede, Heather L.},
    doi = {https://doi.org/10.3758/MC.36.3.588},
    journal = {Memory \& Cognition},
    number = {3},
    pages = {588--597},
    title = {Feeling of knowing and duration of unsuccessful memory search},
    volume = {36},
    year = {2008},
}

@article {Widner1996TheEffectsOf,
    author = {Widner, Robert L. and Smith, Steven M. and Graziano, William G.},
    journal = {The American Journal of Psychology},
    number = {4},
    pages = {525--538},
    publisher = {University of Illinois Press},
    title = {The Effects of Demand Characteristics on the Reporting of Tip-of-the-Tongue and Feeling-of-Knowing States},
    volume = {109},
    year = {1996},
}

